<?xml version="1.0" encoding="UTF-8"?><record xmlns="http://www.loc.gov/MARC21/slim" xmlns:cinclude="http://apache.org/cocoon/include/1.0" xmlns:zs="http://www.loc.gov/zing/srw/">
  <leader>01040cz  a2200241n  4500</leader>
  <controlfield tag="001">n  83722066 </controlfield>
  <controlfield tag="003">DLC</controlfield>
  <controlfield tag="005">19940406170155.8</controlfield>
  <controlfield tag="008">830928n| acaabaaa|          |a ana |||  </controlfield>
  <datafield tag="010" ind1=" " ind2=" ">
    <subfield code="a">n  83722066 </subfield>
    <subfield code="z">n  83735112 </subfield>
  </datafield>
  <datafield tag="040" ind1=" " ind2=" ">
    <subfield code="a">DLC</subfield>
    <subfield code="c">DLC</subfield>
    <subfield code="d">DLC</subfield>
  </datafield>
  <datafield tag="130" ind1=" " ind2="0">
    <subfield code="a">Harcourt Brace Jovanovich college outline series</subfield>
  </datafield>
  <datafield tag="430" ind1=" " ind2="0">
    <subfield code="a">HBJ college outline series</subfield>
  </datafield>
  <datafield tag="430" ind1=" " ind2="0">
    <subfield code="a">College outline series (San Diego, Calif.)</subfield>
  </datafield>
  <datafield tag="530" ind1=" " ind2="0">
    <subfield code="a">Harcourt Brace college outline series</subfield>
  </datafield>
  <datafield tag="643" ind1=" " ind2=" ">
    <subfield code="a">San Diego</subfield>
    <subfield code="b">Harcourt Brace Jovanovich</subfield>
  </datafield>
  <datafield tag="644" ind1=" " ind2=" ">
    <subfield code="a">f</subfield>
    <subfield code="5">DLC</subfield>
  </datafield>
  <datafield tag="645" ind1=" " ind2=" ">
    <subfield code="a">t</subfield>
    <subfield code="5">DLC</subfield>
  </datafield>
  <datafield tag="646" ind1=" " ind2=" ">
    <subfield code="a">s</subfield>
    <subfield code="5">DLC</subfield>
  </datafield>
  <datafield tag="670" ind1=" " ind2=" ">
    <subfield code="a">Emery, E.D. Intermediate microeconomics, 1984:</subfield>
    <subfield code="b">CIP t.p.</subfield>
  </datafield>
  <datafield tag="670" ind1=" " ind2=" ">
    <subfield code="a">Gehrmann, J. Trigonometry, c1984:</subfield>
    <subfield code="b">t.p. (Harcourt Brace Jovanovich college outline series) spine (HBJ college outline series)</subfield>
  </datafield>
  <datafield tag="670" ind1=" " ind2=" ">
    <subfield code="a">Kreitzberg, C.B. Introduction to BASIC, c1984:</subfield>
    <subfield code="b">t.p. (Harcourt Brace Jovanovich college outline series) cover (College outline series)</subfield>
  </datafield>
  <datafield tag="675" ind1=" " ind2=" ">
    <subfield code="a">The economics of labor markets, c1994: ser. t.p. (The Harcourt Brace college outline series)</subfield>
  </datafield>
</record>